<record><leader>00000cas a22000007a 4500</leader><controlfield tag="001">41163751</controlfield><controlfield tag="008">990414d191919uusduwr ne      0    0eng d</controlfield><datafield ind1=" " ind2=" " tag="010"><subfield code="a">sn 99062856 </subfield></datafield><datafield ind1=" " ind2=" " tag="040"><subfield code="a">SXN</subfield><subfield code="b">eng</subfield><subfield code="c">SXN</subfield><subfield code="d">OCLCF</subfield><subfield code="d">OCLCO</subfield></datafield><datafield ind1=" " ind2=" " tag="042"><subfield code="a">msc</subfield></datafield><datafield ind1="0" ind2="0" tag="245"><subfield code="a">Agar enterprise.</subfield></datafield><datafield ind1=" " ind2=" " tag="260"><subfield code="a">Agar, Sully County, So. Dakota :</subfield><subfield code="b">E.P. Thorne,</subfield><subfield code="c">1919-</subfield></datafield><datafield ind1=" " ind2=" " tag="300"><subfield code="a">v.</subfield></datafield><datafield ind1=" " ind2=" " tag="310"><subfield code="a">Weekly</subfield></datafield><datafield ind1="0" ind2=" " tag="362"><subfield code="a">Vol. 1, no. 1 (Sept. 19, 1919)-</subfield></datafield><datafield ind1=" " ind2=" " tag="500"><subfield code="a">Published in: Agar, 1919-Jan. 5, 1923; and in: Onida, Jan. 12, 1923-&lt;Jan. 18, 1952&gt;.</subfield></datafield><datafield ind1=" " ind2=" " tag="530"><subfield code="a">Available on microfilm from: State Archives, South Dakota State historical Society.</subfield></datafield><datafield ind1=" " ind2="0" tag="651"><subfield code="a">Agar (S.D.)</subfield><subfield code="v">Newspapers.</subfield></datafield><datafield ind1=" " ind2="0" tag="651"><subfield code="a">Onida (S.D.)</subfield><subfield code="v">Newspapers.</subfield></datafield><datafield ind1=" " ind2="0" tag="651"><subfield code="a">Sully County (S.D.)</subfield><subfield code="v">Newspapers.</subfield></datafield><datafield ind1=" " ind2="7" tag="655"><subfield code="a">Newspapers.</subfield><subfield code="2">fast</subfield><subfield code="0">(OCoLC)fst01423814</subfield></datafield><datafield ind1=" " ind2="7" tag="651"><subfield code="a">South Dakota</subfield><subfield code="z">Agar.</subfield><subfield code="2">fast</subfield><subfield code="0">(OCoLC)fst01288139</subfield></datafield><datafield ind1=" " ind2="7" tag="651"><subfield code="a">South Dakota</subfield><subfield code="z">Onida.</subfield><subfield code="2">fast</subfield><subfield code="0">(OCoLC)fst01286014</subfield></datafield><datafield ind1=" " ind2="7" tag="651"><subfield code="a">South Dakota</subfield><subfield code="z">Sully County.</subfield><subfield code="2">fast</subfield><subfield code="0">(OCoLC)fst01215592</subfield></datafield><datafield ind1=" " ind2=" " tag="752"><subfield code="a">United States</subfield><subfield code="b">South Dakota</subfield><subfield code="c">Sully</subfield><subfield code="d">Onida.</subfield></datafield><datafield ind1=" " ind2=" " tag="752"><subfield code="a">United States</subfield><subfield code="b">South Dakota</subfield><subfield code="c">Sully</subfield><subfield code="d">Agar.</subfield></datafield></record>